@misc{democracy,
    author = {Ian Shapiro, David Froomkin},
    title = {Democracy},
    year = {2025},
    howpublished = {Encyclopaedia Britannica},
    note = {Accessed: March 22, 2025},
},

@misc{natgeo,
  author = {National Geographic},
  url = {https://education.nationalgeographic.org/resource/democracy-ancient-greece/},
  title = {Democracy (Ancient Greece)},
  note = {Accessed: March 22, 2025},
},

@misc{parldem,
    author = {Thomas Brown},
    title = {Parliamentary Democracy in the UK},
    howpublished = {House of Lords Library},
    year = {2023},
    note = {Accessed: March 22, 2025},
},

@misc{numofseats,
  author = {Philip Gorman, Anya Somerville, Sarah Priddy},
  title = {Number of seats in the House of Commons since 1801},
  howpublished = {House of Commons Library},
  year = {2024},
  not = {Accessed: March 23,  2025}
},

@misc{parlcons,
  author = {UK Parliament},
  title = {Parliamentary Constituencies},
  url = {https://www.parliament.uk/about/how/elections-and-voting/constituencies/},
  note = {Accessed: March 23, 2025}
},

@misc{divisions,
  author = {UK Parliament},
  title = {Divisions},
  url = {https://www.parliament.uk/about/how/business/divisions/},
  note = {Accessed: March 24, 2025}
},

@misc{generalelections,
 Author = {UK Parliament},
 Title = {General Elections},
 url = {https://www.parliament.uk/about/how/elections-and-voting/general/},
 note = {Accessed: March 24, 2025}
},

@misc{ukpop,
  author = {Our World in Data},
  title = {Population of England over history},
  url = {https://ourworldindata.org/grapher/population-of-england-millennium},
  note = {Accessed: March 24, 2025}
}